<record><leader>00000cas a2200000Ma 4500</leader><controlfield tag="001">57700030</controlfield><controlfield tag="007">hd bfb018baaa</controlfield><controlfield tag="008">840810d18631865nhuwr nea     0    0eng d</controlfield><controlfield tag="009">6099</controlfield><datafield ind1=" " ind2=" " tag="010"><subfield code="a">sn 84023819 </subfield></datafield><datafield ind1=" " ind2=" " tag="040"><subfield code="a">HMM</subfield><subfield code="c">HMM</subfield><subfield code="d">OCLCQ</subfield></datafield><datafield ind1=" " ind2=" " tag="043"><subfield code="a">n-us-nh</subfield></datafield><datafield ind1="0" ind2="0" tag="245"><subfield code="a">Dollar weekly mirror and New Hampshire journal of agriculture</subfield><subfield code="h">[microform].</subfield></datafield><datafield ind1="1" ind2="3" tag="246"><subfield code="a">New Hampshire journal of agriculture</subfield><subfield code="f">&lt;Sept. 24-Dec. 10, 1864&gt;</subfield></datafield><datafield ind1=" " ind2=" " tag="260"><subfield code="a">Manchester, N.H. :</subfield><subfield code="b">John B. Clarke</subfield></datafield><datafield ind1=" " ind2=" " tag="300"><subfield code="a">v. ;</subfield><subfield code="c">62 cm.</subfield></datafield><datafield ind1=" " ind2=" " tag="310"><subfield code="a">Weekly</subfield></datafield><datafield ind1="0" ind2=" " tag="362"><subfield code="a">Vol. 13, no. 1 (Jan. 17, 1863)-v. 15, no. 24 (July 1, 1865).</subfield></datafield><datafield ind1=" " ind2=" " tag="533"><subfield code="a">Microfilm.</subfield><subfield code="m">Feb. 7-May 23, 1863:[Gaps]</subfield><subfield code="b">Cambridge, Mass. :</subfield><subfield code="c">Harvard College Library Imaging Services,</subfield><subfield code="d">2004.</subfield><subfield code="e">1 microfilm reel ; 35 mm.</subfield></datafield><datafield ind1=" " ind2=" " tag="539"><subfield code="a">d</subfield><subfield code="b">1863</subfield><subfield code="c">1863</subfield><subfield code="d">mau</subfield><subfield code="e">u</subfield><subfield code="f">u</subfield><subfield code="g">a</subfield></datafield><datafield ind1=" " ind2="0" tag="651"><subfield code="a">Manchester (N.H.)</subfield><subfield code="v">Newspapers.</subfield></datafield><datafield ind1=" " ind2=" " tag="752"><subfield code="a">United States</subfield><subfield code="b">New Hampshire</subfield><subfield code="c">Hillsborough</subfield><subfield code="d">Manchester.</subfield></datafield><datafield ind1="0" ind2=" " tag="775"><subfield code="t">Daily mirror and American</subfield><subfield code="w">(DLC)sn 84023816</subfield></datafield><datafield ind1="0" ind2="4" tag="780"><subfield code="t">Dollar weekly mirror</subfield><subfield code="w">(DLC)sn 84023818</subfield></datafield><datafield ind1="0" ind2="4" tag="780"><subfield code="t">New Hampshire journal of agriculture</subfield><subfield code="w">(DLC)sn 90062042</subfield></datafield><datafield ind1="0" ind2="5" tag="780"><subfield code="t">Manchester weekly American</subfield><subfield code="w">(DLC)sn 84020575</subfield></datafield><datafield ind1="0" ind2="0" tag="785"><subfield code="t">Mirror and farmer</subfield><subfield code="w">(DLC)sn 84023820</subfield></datafield><datafield ind1=" " ind2="0" tag="830"><subfield code="a">Harvard College Library newspaper preservation microfilm program ;</subfield><subfield code="v">00830.</subfield></datafield></record>